<?xml version="1.0" encoding="UTF-8" ?><marc:record xmlns:marc="http://www.loc.gov/MARC21/slim"><marc:leader>00601nam a2200181   4500</marc:leader><marc:controlfield tag="001">1000177</marc:controlfield><marc:controlfield tag="008">100120s1848        enk       |00|| und d</marc:controlfield><marc:datafield tag="100" ind1="1" ind2=" "><marc:subfield code="a">Dixon, Edmund Saul.</marc:subfield></marc:datafield><marc:datafield tag="245" ind1="1" ind2="0"><marc:subfield code="a">Ornamental and domestic poultry: their history and management.</marc:subfield></marc:datafield><marc:datafield tag="260" ind1=" " ind2=" "><marc:subfield code="a">London :</marc:subfield><marc:subfield code="b">The Gardeners' Chronicle,</marc:subfield><marc:subfield code="c">1848.</marc:subfield></marc:datafield><marc:datafield tag="300" ind1=" " ind2=" "><marc:subfield code="a">376 p.</marc:subfield></marc:datafield><marc:datafield tag="500" ind1=" " ind2=" "><marc:subfield code="a">Inscription.</marc:subfield></marc:datafield><marc:datafield tag="500" ind1=" " ind2=" "><marc:subfield code="a">Location: Cambridge.</marc:subfield></marc:datafield><marc:datafield tag="500" ind1=" " ind2=" "><marc:subfield code="a">Identifier: Dixon1848ix59U.</marc:subfield></marc:datafield><marc:datafield tag="500" ind1=" " ind2=" "><marc:subfield code="a">Public number: 0331.</marc:subfield></marc:datafield><marc:datafield tag="561" ind1=" " ind2=" "><marc:subfield code="a">From the library of Charles Darwin.</marc:subfield></marc:datafield><marc:datafield tag="599" ind1=" " ind2=" "><marc:subfield code="a">Includes 4 manuscript sheets.</marc:subfield></marc:datafield><marc:datafield tag="770" ind1="0" ind2=" "><marc:subfield code="t">Manuscript material.</marc:subfield><marc:subfield code="o">Dixon1848ix59U_MS</marc:subfield></marc:datafield></marc:record>